
@inproceedings{1:ElgarfP22,
  author    = {Maha Elgarf and
               Christopher E. Peters},
  title     = {CreativeBot: a Creative Storyteller Agent Developed by Leveraging
               Pre-trained Language Models},
  booktitle = {{IEEE/RSJ} International Conference on Intelligent Robots and Systems,
               {IROS} 2022, Kyoto, Japan, October 23-27, 2022},
  pages     = {13438--13444},
  publisher = {{IEEE}},
  year      = {2022},
  url       = {https://doi.org/10.1109/IROS47612.2022.9981033},
  doi       = {10.1109/IROS47612.2022.9981033},
  timestamp = {Tue, 03 Jan 2023 14:18:59 +0100},
  biburl    = {https://dblp.org/rec/conf/iros/ElgarfP22.bib},
  bibsource = {dblp computer science bibliography, https://dblp.org}
}

@article{2:LiuLWCS12,
  author    = {Chen{-}Chung Liu and
               Kuo{-}Ping Liu and
               Pi{-}Hui Wang and
               Gwo{-}Dong Chen and
               Mu{-}Chun Su},
  title     = {Applying tangible story avatars to enhance children's collaborative
               storytelling},
  journal   = {Br. J. Educ. Technol.},
  volume    = {43},
  number    = {1},
  pages     = {39--51},
  year      = {2012},
  url       = {https://doi.org/10.1111/j.1467-8535.2010.01146.x},
  doi       = {10.1111/J.1467-8535.2010.01146.X},
  timestamp = {Tue, 14 Jul 2020 14:29:42 +0200},
  biburl    = {https://dblp.org/rec/journals/bjet/LiuLWCS12.bib},
  bibsource = {dblp computer science bibliography, https://dblp.org}
}

@inproceedings{3:ZhaoB23,
  author    = {Yubo Zhao and
               Xiying Bao},
  editor    = {Sean Follmer and
               Jeff Han and
               J{\"{u}}rgen Steimle and
               Nathalie Henry Riche},
  title     = {Narratron: Collaborative Writing and Shadow-playing of Children Stories
               with Large Language Models},
  booktitle = {Adjunct Proceedings of the 36th Annual {ACM} Symposium on User Interface
               Software and Technology, {UIST} 2023, San Francisco, CA, USA, 29 October
               2023- 1 November 2023},
  pages     = {119:1--119:6},
  publisher = {{ACM}},
  year      = {2023},
  url       = {https://doi.org/10.1145/3586182.3625120},
  doi       = {10.1145/3586182.3625120},
  timestamp = {Tue, 28 Nov 2023 20:06:16 +0100},
  biburl    = {https://dblp.org/rec/conf/uist/ZhaoB23.bib},
  bibsource = {dblp computer science bibliography, https://dblp.org}
}

@inproceedings{4:HanC23,
  author    = {Ariel Han and
               Zhenyao Cai},
  title     = {Design implications of generative {AI} systems for visual storytelling
               for young learners},
  booktitle = {Proceedings of the 22nd Annual {ACM} Interaction Design and Children
               Conference, {IDC} 2023, Chicago, IL, USA, June 19-23, 2023},
  pages     = {470--474},
  publisher = {{ACM}},
  year      = {2023},
  url       = {https://doi.org/10.1145/3585088.3593867},
  doi       = {10.1145/3585088.3593867},
  timestamp = {Thu, 15 Jun 2023 21:57:03 +0200},
  biburl    = {https://dblp.org/rec/conf/acmidc/HanC23.bib},
  bibsource = {dblp computer science bibliography, https://dblp.org}
}

@inproceedings{5:CurrinDPCFGH23,
  author    = {Flannery Hope Currin and
               Kyle Diederich and
               Luiza Superti Pantoja and
               Hannah Cargo and
               Noelle Franzone and
               Josephine Geiger{-}Lee and
               Juan Pablo Hourcade},
  title     = {Designing Stories to Inspire Preschoolers' Creative, Collaborative
               Roleplay},
  booktitle = {Proceedings of the 2023 {ACM} Conference on Information Technology
               for Social Good, GoodIT 2023, Lisbon, Portugal, September 6-8, 2023},
  pages     = {40--47},
  publisher = {{ACM}},
  year      = {2023},
  url       = {https://doi.org/10.1145/3582515.3609516},
  doi       = {10.1145/3582515.3609516},
  timestamp = {Thu, 31 Aug 2023 19:50:42 +0200},
  biburl    = {https://dblp.org/rec/conf/goodit/CurrinDPCFGH23.bib},
  bibsource = {dblp computer science bibliography, https://dblp.org}
}

@inproceedings{6:TholanderJ23,
  author    = {Jakob Tholander and
               Martin Jonsson},
  editor    = {Daragh Byrne and
               Nikolas Martelaro and
               Andy Boucher and
               David J. Chatting and
               Sarah Fdili Alaoui and
               Sarah E. Fox and
               Iohanna Nicenboim and
               Cayley MacArthur},
  title     = {Design Ideation with {AI} - Sketching, Thinking and Talking with Generative
               Machine Learning Models},
  booktitle = {Proceedings of the 2023 {ACM} Designing Interactive Systems Conference,
               {DIS} 2023, Pittsburgh, PA, USA, July 10-14, 2023},
  pages     = {1930--1940},
  publisher = {{ACM}},
  year      = {2023},
  url       = {https://doi.org/10.1145/3563657.3596014},
  doi       = {10.1145/3563657.3596014},
  timestamp = {Fri, 21 Jul 2023 22:25:46 +0200},
  biburl    = {https://dblp.org/rec/conf/ACMdis/TholanderJ23.bib},
  bibsource = {dblp computer science bibliography, https://dblp.org}
}

@inproceedings{7:SunLLL17,
  author    = {Ming Sun and
               Iolanda Leite and
               Jill Fain Lehman and
               Boyang Li},
  editor    = {Paulo Blikstein and
               Dor Abrahamson},
  title     = {Collaborative Storytelling between Robot and Child: {A} Feasibility
               Study},
  booktitle = {Proceedings of the 2017 Conference on Interaction Design and Children,
               Stanford, CA, USA, June 27-30, 2017},
  pages     = {205--214},
  publisher = {{ACM}},
  year      = {2017},
  url       = {https://doi.org/10.1145/3078072.3079714},
  doi       = {10.1145/3078072.3079714},
  timestamp = {Wed, 23 Jun 2021 13:56:29 +0200},
  biburl    = {https://dblp.org/rec/conf/acmidc/SunLLL17.bib},
  bibsource = {dblp computer science bibliography, https://dblp.org}
}

@inproceedings{8:ShakeriND21,
  author    = {Hanieh Shakeri and
               Carman Neustaedter and
               Steve DiPaola},
  editor    = {Jeremy P. Birnholtz and
               Luigina Ciolfi and
               Sharon Ding and
               Susan R. Fussell and
               Andr{\'{e}}s Monroy{-}Hern{\'{a}}ndez and
               Sean Munson and
               Irina Shklovski and
               Mor Naaman},
  title     = {{SAGA:} Collaborative Storytelling with {GPT-3}},
  booktitle = {Companion Publication of the 2021 {ACM} Conference on Computer Supported
               Cooperative Work and Social Computing, {CSCW} 2021, Virtual Event,
               USA, October 23-27, 2021},
  pages     = {163--166},
  publisher = {{ACM}},
  year      = {2021},
  url       = {https://doi.org/10.1145/3462204.3481771},
  doi       = {10.1145/3462204.3481771},
  timestamp = {Mon, 01 May 2023 13:00:58 +0200},
  biburl    = {https://dblp.org/rec/conf/cscw/ShakeriND21.bib},
  bibsource = {dblp computer science bibliography, https://dblp.org}
}

@inproceedings{9:RyokaiC99,
  author    = {Kimiko Ryokai and
               Justine Cassell},
  editor    = {Michael E. Atwood},
  title     = {StoryMat: a play space for collaborative storytelling},
  booktitle = {{CHI} '99 Extended Abstracts on Human Factors in Computing Systems,
               {CHI} Extended Abstracts '99, Pittsburgh, Pennsylvania, USA, May 15-20,
               1999},
  pages     = {272--273},
  publisher = {{ACM}},
  year      = {1999},
  url       = {https://doi.org/10.1145/632716.632883},
  doi       = {10.1145/632716.632883},
  timestamp = {Fri, 12 Mar 2021 15:27:48 +0100},
  biburl    = {https://dblp.org/rec/conf/chi/RyokaiC99.bib},
  bibsource = {dblp computer science bibliography, https://dblp.org}
}

@inproceedings{10:ChopraVSS21,
  author    = {Bhavya Chopra and
               Khushali Verma and
               Sonali Singhal and
               Utsav Singla},
  editor    = {Yoshifumi Kitamura and
               Aaron Quigley and
               Katherine Isbister and
               Takeo Igarashi},
  title     = {Reality Tales: Facilitating User-Character Interaction with Immersive
               Storytelling},
  booktitle = {{CHI} '21: {CHI} Conference on Human Factors in Computing Systems,
               Virtual Event / Yokohama Japan, May 8-13, 2021, Extended Abstracts},
  pages     = {489:1--489:7},
  publisher = {{ACM}},
  year      = {2021},
  url       = {https://doi.org/10.1145/3411763.3451522},
  doi       = {10.1145/3411763.3451522},
  timestamp = {Sun, 02 Oct 2022 15:56:47 +0200},
  biburl    = {https://dblp.org/rec/conf/chi/ChopraVSS21.bib},
  bibsource = {dblp computer science bibliography, https://dblp.org}
}

@inproceedings{11:LimaGV20,
  author    = {Edirlei Soares de Lima and
               Felipe Jo{\~{a}}o Gheno and
               Ana Viseu},
  title     = {Sketch-Based Interaction for Planning-Based Interactive Storytelling},
  booktitle = {19th Brazilian Symposium on Computer Games and Digital Entertainment,
               SBGames 2020, Recife, Brazil, November 7-10, 2020},
  pages     = {154--162},
  publisher = {{IEEE}},
  year      = {2020},
  url       = {https://doi.org/10.1109/SBGames51465.2020.00029},
  doi       = {10.1109/SBGAMES51465.2020.00029},
  timestamp = {Thu, 23 Jun 2022 19:59:04 +0200},
  biburl    = {https://dblp.org/rec/conf/sbgames/LimaGV20.bib},
  bibsource = {dblp computer science bibliography, https://dblp.org}
}

@inproceedings{12:ZhangXWYRWYWL22,
  author    = {Zheng Zhang and
               Ying Xu and
               Yanhao Wang and
               Bingsheng Yao and
               Daniel Ritchie and
               Tongshuang Wu and
               Mo Yu and
               Dakuo Wang and
               Toby Jia{-}Jun Li},
  editor    = {Simone D. J. Barbosa and
               Cliff Lampe and
               Caroline Appert and
               David A. Shamma and
               Steven Mark Drucker and
               Julie R. Williamson and
               Koji Yatani},
  title     = {StoryBuddy: {A} Human-AI Collaborative Chatbot for Parent-Child Interactive
               Storytelling with Flexible Parental Involvement},
  booktitle = {{CHI} '22: {CHI} Conference on Human Factors in Computing Systems,
               New Orleans, LA, USA, 29 April 2022 - 5 May 2022},
  pages     = {218:1--218:21},
  publisher = {{ACM}},
  year      = {2022},
  url       = {https://doi.org/10.1145/3491102.3517479},
  doi       = {10.1145/3491102.3517479},
  timestamp = {Fri, 24 Nov 2023 19:42:19 +0100},
  biburl    = {https://dblp.org/rec/conf/chi/ZhangXWYRWYWL22.bib},
  bibsource = {dblp computer science bibliography, https://dblp.org}
}

@article{13:abs-2011-04242,
  author     = {Ben Burtenshaw},
  title      = {{AI} Stories: An Interactive Narrative System for Children},
  journal    = {CoRR},
  volume     = {abs/2011.04242},
  year       = {2020},
  url        = {https://arxiv.org/abs/2011.04242},
  eprinttype = {arXiv},
  eprint     = {2011.04242},
  timestamp  = {Thu, 12 Nov 2020 15:14:56 +0100},
  biburl     = {https://dblp.org/rec/journals/corr/abs-2011-04242.bib},
  bibsource  = {dblp computer science bibliography, https://dblp.org}
}

@article{14:WangRCRMB22,
  author    = {Zezhong Wang and
               Hugo Romat and
               Fanny Chevalier and
               Nathalie Henry Riche and
               Dave Murray{-}Rust and
               Benjamin Bach},
  title     = {Interactive Data Comics},
  journal   = {{IEEE} Trans. Vis. Comput. Graph.},
  volume    = {28},
  number    = {1},
  pages     = {944--954},
  year      = {2022},
  url       = {https://doi.org/10.1109/TVCG.2021.3114849},
  doi       = {10.1109/TVCG.2021.3114849},
  timestamp = {Sun, 22 Oct 2023 11:16:22 +0200},
  biburl    = {https://dblp.org/rec/journals/tvcg/WangRCRMB22.bib},
  bibsource = {dblp computer science bibliography, https://dblp.org}
}

@inproceedings{15:SchlauchSG22,
  author    = {Michael Schlauch and
               Cristina Sylla and
               Mait{\^{e}} Gil},
  editor    = {Kathrin Gerling and
               Jo Iacovides and
               Rainer Malaka and
               Beth Bonsignore and
               Julian Frommel},
  title     = {Investigating Social Emotional Learning at Primary School through
               Guided Interactive Storytelling},
  booktitle = {Extended Abstracts of the Annual Symposium on Computer-Human Interaction
               in Play, {CHI} {PLAY} 2022, Bremen, Germany, November 2-5, 2022},
  pages     = {240--245},
  publisher = {{ACM}},
  year      = {2022},
  url       = {https://doi.org/10.1145/3505270.3558313},
  doi       = {10.1145/3505270.3558313},
  timestamp = {Mon, 05 Dec 2022 13:35:44 +0100},
  biburl    = {https://dblp.org/rec/conf/chiplay/SchlauchSG22.bib},
  bibsource = {dblp computer science bibliography, https://dblp.org}
}

@article{16:abs-2303-08774,
  author     = {OpenAI},
  title      = {{GPT-4} Technical Report},
  journal    = {CoRR},
  volume     = {abs/2303.08774},
  year       = {2023},
  url        = {https://doi.org/10.48550/arXiv.2303.08774},
  doi        = {10.48550/ARXIV.2303.08774},
  eprinttype = {arXiv},
  eprint     = {2303.08774},
  timestamp  = {Mon, 28 Aug 2023 21:26:19 +0200},
  biburl     = {https://dblp.org/rec/journals/corr/abs-2303-08774.bib},
  bibsource  = {dblp computer science bibliography, https://dblp.org}
}

@misc{17:spacy,
  author       = {Matthew Honnibal and Ines Montani},
  title        = {spaCy 3.0: Industrial-Strength Natural Language Processing},
  year         = {2020},
  howpublished = {\url{https://spacy.io/}},
  urldate      = {2023-12-20}
}

@misc{18:django,
  author       = {Django Software Foundation},
  title        = {Django},
  year         = {2021},
  howpublished = {\url{https://www.djangoproject.com/}},
  urldate      = {2023-12-20}
}

@misc{19:react,
  author       = {Facebook},
  title        = {React},
  year         = {2021},
  howpublished = {\url{https://reactjs.org/}},
  urldate      = {2023-12-20}
}

@misc{20:openai-api,
  author       = {OpenAI},
  title        = {OpenAI API},
  year         = {2021},
  howpublished = {\url{https://openai.com/blog/openai-api/}},
  urldate      = {2023-12-20}
}

@misc{21:dalle,
  author       = {OpenAI},
  title        = {DALL-E},
  year         = {2021},
  howpublished = {\url{https://openai.com/blog/dall-e/}},
  urldate      = {2023-12-20}
}

@article{22:abs-2302-11382,
  author     = {Jules White and
                Quchen Fu and
                Sam Hays and
                Michael Sandborn and
                Carlos Olea and
                Henry Gilbert and
                Ashraf Elnashar and
                Jesse Spencer{-}Smith and
                Douglas C. Schmidt},
  title      = {A Prompt Pattern Catalog to Enhance Prompt Engineering with ChatGPT},
  journal    = {CoRR},
  volume     = {abs/2302.11382},
  year       = {2023},
  url        = {https://doi.org/10.48550/arXiv.2302.11382},
  doi        = {10.48550/ARXIV.2302.11382},
  eprinttype = {arXiv},
  eprint     = {2302.11382},
  timestamp  = {Fri, 24 Feb 2023 11:55:23 +0100},
  biburl     = {https://dblp.org/rec/journals/corr/abs-2302-11382.bib},
  bibsource  = {dblp computer science bibliography, https://dblp.org}
}

